<record><leader>00000cas a2200000 a 4500</leader><controlfield tag="001">36413223</controlfield><controlfield tag="008">970219d19011933miucr n       0    0eng c</controlfield><datafield ind1=" " ind2=" " tag="010"><subfield code="a">sn 97063218 </subfield></datafield><datafield ind1=" " ind2=" " tag="040"><subfield code="a">MHN</subfield><subfield code="b">eng</subfield><subfield code="c">MHN</subfield><subfield code="d">OCL</subfield><subfield code="d">OCLCQ</subfield><subfield code="d">OCLCF</subfield><subfield code="d">OCLCO</subfield></datafield><datafield ind1="1" ind2=" " tag="029"><subfield code="a">AU@</subfield><subfield code="b">000013092710</subfield></datafield><datafield ind1=" " ind2=" " tag="042"><subfield code="a">pcc</subfield></datafield><datafield ind1=" " ind2=" " tag="043"><subfield code="a">n-us-mi</subfield></datafield><datafield ind1="0" ind2="4" tag="245"><subfield code="a">The Vicksburg semi-weekly commercial.</subfield></datafield><datafield ind1="3" ind2=" " tag="246"><subfield code="a">Vicksburg semiweekly commercial</subfield></datafield><datafield ind1="1" ind2="3" tag="246"><subfield code="a">Semi-weekly commercial</subfield></datafield><datafield ind1="3" ind2=" " tag="246"><subfield code="a">Semiweekly commercial</subfield></datafield><datafield ind1=" " ind2=" " tag="260"><subfield code="a">Vicksburg, Mich. :</subfield><subfield code="b">Jno. B. Penfield</subfield></datafield><datafield ind1=" " ind2=" " tag="300"><subfield code="a">v.</subfield></datafield><datafield ind1=" " ind2=" " tag="310"><subfield code="a">Semiweekly</subfield></datafield><datafield ind1="0" ind2=" " tag="362"><subfield code="a">Vol. 1, no. 1 (Dec. 10, 1901)-v. 33, no. 26 (Mar. 31, 1933).</subfield></datafield><datafield ind1=" " ind2=" " tag="515"><subfield code="a">Issues for: Dec. 10, 1901-Mar. 31, 1933, also called: Vol. 23, no. 51-v. 22, no. 54 &lt;numbering irregular&gt;.</subfield></datafield><datafield ind1=" " ind2="0" tag="651"><subfield code="a">Vicksburg (Mich.)</subfield><subfield code="v">Newspapers.</subfield></datafield><datafield ind1=" " ind2="0" tag="651"><subfield code="a">Kalamazoo County (Mich.)</subfield><subfield code="v">Newspapers.</subfield></datafield><datafield ind1=" " ind2="7" tag="655"><subfield code="a">Newspapers.</subfield><subfield code="2">fast</subfield><subfield code="0">(OCoLC)fst01423814</subfield></datafield><datafield ind1=" " ind2="7" tag="651"><subfield code="a">Michigan</subfield><subfield code="z">Kalamazoo County.</subfield><subfield code="2">fast</subfield><subfield code="0">(OCoLC)fst01204722</subfield></datafield><datafield ind1=" " ind2="7" tag="651"><subfield code="a">Michigan</subfield><subfield code="z">Vicksburg.</subfield><subfield code="2">fast</subfield><subfield code="0">(OCoLC)fst01219840</subfield></datafield><datafield ind1=" " ind2=" " tag="752"><subfield code="a">United States</subfield><subfield code="b">Michigan</subfield><subfield code="c">Kalamazoo</subfield><subfield code="d">Vicksburg.</subfield></datafield><datafield ind1="0" ind2="0" tag="780"><subfield code="t">Vicksburg commercial (Vicksburg, Mich. : 1899)</subfield><subfield code="w">(DLC)sn 97063217</subfield><subfield code="w">(OCoLC)36413285</subfield></datafield><datafield ind1="0" ind2="0" tag="785"><subfield code="t">Vicksburg commercial (Vicksburg, Mich. : 1933)</subfield><subfield code="w">(DLC)sn 97063219</subfield><subfield code="w">(OCoLC)36414088</subfield></datafield></record>